 @misc{McDonnell,
 title={Xfoil.jl},
 url={https://flow.byu.edu/Xfoil.jl/stable/},
 journal={Home · Xfoil.jl},
 author={McDonnell, Taylor}
 } 
  @misc{McDonnell-Ning,
  title={Vortexlattice},
  url={https://flow.byu.edu/VortexLattice.jl/dev/},
  journal={Home · VortexLattice.jl},
  author={McDonnell, Taylor and Ning, Andrew}
  } 